
    <zs:record>
      <zs:recordPacking>xml</zs:recordPacking>
      <zs:recordData>
        <record xmlns="http://www.loc.gov/MARC21/slim">
          <leader>00516nz a2200133 4500</leader>
          <controlfield tag="001">30002532</controlfield>
          <controlfield tag="003">RISM</controlfield>
          <controlfield tag="005">20121108</controlfield>
          <controlfield tag="008">121108n||az|||||||##########||||||||||||</controlfield>
          <datafield tag="043" ind1=" " ind2=" ">
            <subfield code="c">Latvia</subfield>
          </datafield>
          <datafield tag="110" ind1="2" ind2=" ">
            <subfield code="a">Jāzepa Vītola Latvijas Mūzikas akadēmija bibliotēka</subfield>
            <subfield code="c">Rīga</subfield>
            <subfield code="g">LV-R</subfield>
          </datafield>
          <datafield tag="410" ind1="2" ind2=" ">
            <subfield code="a">Latvian Academy of music library</subfield>
          </datafield>
          <datafield tag="410" ind1="2" ind2=" ">
            <subfield code="a">Biblioteka Gosudarstvennoj konservatorii Latvijskoj SSR im J. Vitola</subfield>
          </datafield>
          <datafield tag="622" ind1=" " ind2=" ">
            <subfield code="e">Jāzepa Vītola Latvijas Mūzikas akadēmija, bibliotēka, K. Barona iela 1, 1050 Rīga,
              Latvia</subfield>
            <subfield code="u">http://www.jvlma.lv/</subfield>
          </datafield>
          <idzebra xmlns="http://www.indexdata.dk/zebra/">
            <size>516</size>
            <score>788</score>
            <localnumber>831916</localnumber>
            <filename>sigla/sigla.mrc</filename>
          </idzebra>
        </record>
      </zs:recordData>
      <zs:recordPosition>4</zs:recordPosition>
    </zs:record>