
    <zs:record>
      <zs:recordPacking>xml</zs:recordPacking>
      <zs:recordData>
        <record xmlns="http://www.loc.gov/MARC21/slim">
          <leader>00496nz a2200145 4500</leader>
          <controlfield tag="001">30076773</controlfield>
          <controlfield tag="003">RISM</controlfield>
          <controlfield tag="005">20121108</controlfield>
          <controlfield tag="008">121108n||az|||||||##########||||||||||||</controlfield>
          <datafield tag="043" ind1=" " ind2=" ">
            <subfield code="c">Latvia</subfield>
          </datafield>
          <datafield tag="110" ind1="2" ind2=" ">
            <subfield code="a">Liepājas Svētās Trīsvienības katedrāle</subfield>
            <subfield code="c">Liepāja</subfield>
            <subfield code="g">LV-Lstk</subfield>
          </datafield>
          <datafield tag="410" ind1="2" ind2=" ">
            <subfield code="a">Evangelisch-lutherische Dreifaltigkeitskirche Libau</subfield>
          </datafield>
          <datafield tag="622" ind1=" " ind2=" ">
            <subfield code="e">Liepājas Svētās, Trīsvienības katedrāle, Lielā iela 9, LV3401 Liepāja, Latvia</subfield>
            <subfield code="u">http://www.trinitatis.lv</subfield>
          </datafield>
          <datafield tag="670" ind1="2" ind2=" ">
            <subfield code="a">330</subfield>
          </datafield>
          <datafield tag="852" ind1="2" ind2=" ">
            <subfield code="b">56.5098489, 21.0126533</subfield>
          </datafield>
          <idzebra xmlns="http://www.indexdata.dk/zebra/">
            <size>496</size>
            <score>788</score>
            <localnumber>834542</localnumber>
            <filename>sigla/sigla.mrc</filename>
          </idzebra>
        </record>
      </zs:recordData>
      <zs:recordPosition>9</zs:recordPosition>
    </zs:record>